@inproceedings{rzhang,
  title={Automatic identification of window regions on indoor point clouds using LiDAR and cameras},
  author={Zhang, Richard and Zakhor, Avideh},
  booktitle={Applications of Computer Vision (WACV), 2014 IEEE Winter Conference on},
  pages={107--114},
  year={2014},
  organization={IEEE}
}

@inproceedings{girshick,
  title={Rich feature hierarchies for accurate object detection and semantic segmentation},
  author={Girshick, Ross and Donahue, Jeff and Darrell, Trevor and Malik, Jitendra},
  booktitle={Computer Vision and Pattern Recognition (CVPR), 2014 IEEE Conference on},
  pages={580--587},
  year={2014},
  organization={IEEE}
}

@incollection{alexnet,
title = {ImageNet Classification with Deep Convolutional Neural Networks},
author = {Alex Krizhevsky and Sutskever, Ilya and Geoffrey E. Hinton},
booktitle = {Advances in Neural Information Processing Systems 25},
editor = {F. Pereira and C.J.C. Burges and L. Bottou and K.Q. Weinberger},
pages = {1097--1105},
year = {2012},
publisher = {Curran Associates, Inc.},
url = {http://papers.nips.cc/paper/4824-imagenet-classification-with-deep-convolutional-neural-networks.pdf}
}

@inproceedings{mcg,
  author = {Arbel\'{a}ez, P. and Pont-Tuset, J. and Barron, J. and Marques, F. and Malik, J.},
  title = {Multiscale Combinatorial Grouping},
  booktitle = {Computer Vision and Pattern Recognition},
  year = {2014}
}


